@Book{ odersky,
	title = "Programming In Scala",
	author = "Martin Odersky and Lex Spoon and Bill Venners",
	isbn = "978-0981531649",
	publisher = "Artima",
	year = "2011"
}

